1799 3104
547 250 704 281 POEMS
740 248 797 278 OF
831 249 1025 283 osSIAN.

399 364 438 401 A
457 362 605 399 drinnlin
624 360 710 398 cless
727 375 766 398 er
782 376 803 399 a
821 362 897 399 claa

382 426 501 463 Clawe
520 432 632 462 trome
649 425 788 475 tortoyl
805 439 884 462 nac·
903 439 997 476 gann

385 489 436 526 Gi
455 496 538 524 tenn
556 501 595 524 er
611 488 702 524 teive
721 488 756 524 in
773 489 821 524 irr
839 502 902 527 vor

383 554 424 590 A
443 553 577 604 gymirt
594 553 680 590 class
699 553 759 590 offi
777 554 885 592 chind

383 618 420 654 Is
438 632 458 654 a
476 617 577 654 techt
595 618 629 653 in
648 618 755 667 genni
773 617 853 667 tloy

381 681 437 718 Ya
457 681 602 718 woneiss
620 681 707 731 yasg
725 684 764 732 gi*
782 696 890 732 moya

381 746 423 782 A
442 744 560 782 seffow
578 745 612 781 in
632 745 784 794 ganow
803 746 887 795 ikay

382 808 435 845 Er
453 817 530 845 nert
547 821 585 843 er
606 807 703 857 ·gass<
721 821 760 844 er
778 807 870 856 yelle

381 872 438 909 Ne
456 871 512 907 elli
532 870 585 906 fer
601 871 668 907 mir
684 885 740 907 ac·
759 870 820 919 say

381 934 477 972 Naill
495 935 571 971 flat·
590 948 679 983 agus
697 933 773 970 rosc
795 933 900 971 Reic-

381 999 424 1034 In
443 1011 537 1047 genn
555 997 590 1033 in
609 997 639 1033 ir
656 997 691 1034 fa
710 997 824 1047 keyve
838 1011 935 1034 crow

378 1062 475 1098 Mat·
493 1062 528 1097 in
547 1061 661 1110 noyth
678 1061 706 1097 is
725 1059 761 1097 fa
779 1061 852 1110 gall
869 1076 889 1098 a
907 1063 1004 1113 yayd.

382 1126 419 1161 Is
437 1125 549 1174 loayt·
568 1139 588 1162 a
606 1125 706 1174 stayd
724 1140 768 1161 no
789 1126 825 1175 gi
845 1125 936 1164 srow

378 1188 502 1225 Tanik
519 1190 554 1225 in
573 1189 669 1226 stead
686 1189 735 1225 sm
754 1190 788 1225 in
807 1190 882 1226 deir

380 1254 442 1290 Sin
461 1253 514 1289 far
533 1268 594 1289 nar
611 1254 721 1290 weine
739 1254 785 1290 ris
803 1254 838 1290 in
858 1268 971 1304 nayne

382 1316 510 1365 Keigit
530 1316 646 1352 Leich
666 1316 787 1352 wemir
805 1330 873 1353 ann

380 1379 502 1428 Yonyt
520 1393 558 1415 ra
576 1380 733 1429 hynsyth
751 1393 817 1430 gar
835 1393 897 1417 nar

378 1443 416 1479 Is
435 1456 473 1479 er
489 1442 590 1493 eggil
607 1444 642 1479 in
662 1444 714 1480 nir
731 1444 760 1480 is
779 1459 798 1481 a
817 1445 937 1494 heyck

377 1506 436 1543 Ne
454 1521 561 1556 royve
582 1507 697 1543 Leich
716 1509 796 1557 yein
816 1522 885 1558 gan
904 1522 1012 1558 yrane

377 1570 431 1606 Di
449 1579 544 1606 twne
563 1571 628 1606 mir
645 1570 755 1607 hanik
773 1573 807 1607 in
826 1573 901 1608 deir

379 1632 507 1670 Darrit
524 1634 560 1669 in
583 1634 697 1670 Reich
716 1634 751 1670 fa
770 1635 869 1670 math
888 1635 956 1671 clw

378 1696 423 1732 In
443 1696 564 1733 nathni
583 1705 657 1732 tow
676 1696 758 1745 feyn
777 1711 797 1734 a
817 1711 893 1734 wen

379 1760 423 1795 In
443 1773 486 1796 na
505 1759 602 1796 sowd
621 1761 655 1796 in
673 1760 727 1796 fer
743 1773 764 1796 a
782 1762 844 1797 der
861 1770 937 1797 tow

378 1822 573 1872 Hanneym
593 1824 662 1860 Vic
681 1824 810 1861 Coulle
828 1839 848 1861 a
867 1825 953 1862 Ynd

379 1887 415 1923 Is
434 1886 538 1923 fowir
551 1885 624 1924 linn
643 1902 663 1924 a
680 1888 717 1937 yi
736 1897 817 1924 tane

376 1951 492 2002 Targi
511 1951 571 2001 say
590 1952 675 1988 meis
693 1965 766 1988 wra
783 1952 854 1988 leih

378 2016 441 2053 Ga
458 2025 545 2053 mat·
564 2017 601 2053 di
620 2017 737 2053 thresh
754 2031 775 2053 a
796 2018 884 2053 Inne
902 2016 994 2067 aylle

377 2081 493 2117 Derre
513 2080 620 2117 Oskir
637 2094 726 2130 agus
747 2081 878 2119 Gowle

374 2143 420 2180 Bi
439 2145 537 2180 worb
557 2144 670 2182 coskir
687 2145 770 2181 lonn
788 2145 823 2180 in
842 2145 933 2195 gath

377 2206 479 2243 Nane
498 2207 616 2244 seffow
635 2209 669 2244 in
688 2222 753 2258 gar
770 2209 804 2244 in
823 2208 921 2258 tloyc

377 2272 494 2308 Eddir
512 2272 546 2308 in
565 2271 619 2308 far
636 2286 713 2308 mor
731 2273 755 2307 fi
776 2271 892 2308 Flaat-

377 2335 507 2372 Hanik
524 2336 559 2372 in
580 2334 695 2372 Leich
713 2335 751 2372 bi
769 2344 854 2372 wat·
873 2336 988 2374 tlacht

362 2400 461 2449 'Lay
480 2399 543 2436 feic
562 2401 590 2436 is
608 2399 667 2449 lay
685 2408 763 2437 nart
782 2414 827 2437 no
846 2413 941 2450 genn

377 2464 489 2513 Agus
508 2463 646 2501 foddeis
665 2479 770 2514 woyn
789 2466 823 2501 in
843 2479 908 2502 ven

378 2528 432 2563 Di
452 2542 505 2563 we
523 2540 587 2577 gar
604 2541 624 2565 a
642 2526 738 2576 yolin
759 2527 827 2564 Inn

378 2591 470 2627 Tuk
488 2605 564 2628 mac
585 2591 693 2628 Morn
712 2592 747 2628 in
765 2591 902 2629 turchir
915 2593 1004 2631 dane

381 2654 433 2692 Gi
448 2669 536 2704 croy
552 2670 598 2693 no
618 2671 687 2706 yey
706 2657 763 2693 din
783 2655 899 2707 tleyg·

766 2721 806 2758 G·

1373 230 1443 286 97

1353 2724 1441 2767 Neir
