1799 3104
584 245 904 275 CARMCTHURA.
1325 241 1402 273 169

265 334 333 372 An
353 330 524 369 mitteres
542 337 584 368 tu
602 343 666 366 me
685 327 817 378 ipsum
838 326 860 365 ὲ
882 340 971 364 meo
992 325 1122 364 circo?

210 411 329 453 Dixit
340 424 419 449 vox
432 407 561 462 gravis
576 408 688 459 eujus
700 415 780 447 erat
793 405 967 447 maxime
979 404 1223 444 indistinctus
1235 420 1364 445 sonus.

211 490 318 532 Mihi
341 491 483 529 cedunt
502 487 695 528 exercitus
714 489 904 533 herouru3

209 570 401 622 Despicio
422 571 468 608 de
489 583 578 608 meo
598 568 750 608 tumulo
770 580 885 617 super
906 565 1115 617 populum,

213 653 266 690 Et
284 652 421 690 cadent
440 648 499 688 illi
519 657 563 687 ut
581 647 729 691 cineres
746 645 786 685 in
806 660 894 685 meo
915 654 1152 696 conspectu3

212 731 248 769 E
270 744 358 768 meo
377 728 501 768 halitu
519 727 625 767 venit
642 727 783 766 flamen
804 725 956 767 mortis.

215 789 364 846 Prodeo
383 821 455 859 ego
474 806 578 846 foras
597 805 638 846 in
658 805 783 845 altum
803 818 920 854 super
941 812 1081 850 vent03

214 887 310 925 Sunt
329 885 522 937 procellae
543 898 582 922 se
602 883 806 924 fundentes
827 897 958 933 supra,
1290 882 1410 937 [lore.

215 965 332 1004 Circa
350 979 483 1014 meum
499 962 757 1014 supercilium
770 963 961 1016 frigidum
977 963 1234 1003 subtervitate
1250 963 1331 1001 §ine
1347 977 1412 1002 co-

205 1044 286 1082 'Est
302 1042 559 1096 tranquillum
577 1057 712 1083 meum
732 1042 979 1083 domicilium
1000 1042 1040 1080 in
1061 1041 1247 1089 nubibus,

215 1122 313 1161 Sunt
327 1120 491 1172 jucundi
510 1120 641 1172 campi
661 1120 796 1173 magni
815 1120 895 1160 mei
914 1120 1080 1172 soporis.

270 1201 393 1256 (Fae)
414 1216 509 1252 cape
529 1200 880 1243 commorationem
894 1200 935 1241 in
954 1200 1032 1241 tuis
1050 1199 1216 1251 campis,

217 1281 338 1321 Dixit
349 1296 419 1320 rex
432 1281 501 1334 qui
513 1295 591 1320 non
606 1290 688 1320 erat
697 1295 836 1330 vanus,
848 1290 884 1321 et
896 1280 979 1332 ejus
992 1294 1111 1319 mauu
1123 1293 1241 1331 super
1254 1279 1347 1318 telo:

219 1361 287 1401 Sin
307 1360 437 1399 minus
455 1362 658 1401 recordare
676 1359 804 1400 filium
827 1359 1004 1400 comalis
1022 1359 1064 1399 in
1083 1374 1249 1411 campo3

214 1440 939 1491 Infirmumesttuumspectmm3—-est
947 1439 1415 1492 magnummeumrobur.

221 1521 290 1560 An
310 1520 420 1559 movi
439 1534 512 1573 ego
531 1534 667 1559 meum
685 1534 844 1570 passum
862 1520 884 1558 ὲ
901 1528 1033 1561 monte

219 1601 287 1639 Ad
300 1609 407 1638 tuam
419 1601 551 1640 aulam
562 1598 700 1650 ipsius,
712 1598 753 1637 in
766 1613 906 1650 campo
916 1598 986 1651 qui
999 1608 1055 1637 est
1066 1598 1320 1652 tranquillus?

222 1679 289 1723 An
309 1678 475 1718 occurrit
492 1693 581 1717 mea
601 1680 713 1718 hasta
731 1678 774 1716 in
793 1693 872 1731 qua
888 1688 947 1717 est
967 1678 1042 1727 vis,

221 1759 267 1799 In
289 1758 434 1797 amictu
451 1759 653 1797 coelorum
672 1758 762 1797 voci

221 1837 373 1882 Lar-vae
393 1837 526 1891 nigrae
546 1839 595 1882 ad
612 1837 762 1879 circum
781 1837 931 1878 formae
953 1837 1141 1877 Lodinis?

170 2060 307 2099 Dwell
321 2061 361 2099 in
378 2063 449 2116 thy
465 2063 638 2114 pleasant
652 2063 777 2111 fields,
793 2061 878 2102 said
890 2065 957 2101 the
972 2059 1074 2114 king
1089 2078 1096 2099 ;
1129 2063 1201 2101 Let
1219 2062 1424 2101 Comh‘di’s

117 2153 186 2178 son
214 2140 264 2177 be
294 2140 437 2193 forgot.
496 2143 565 2182 Do
586 2158 656 2196 my
674 2152 778 2195 steps
797 2144 951 2190 ascend,
982 2142 1085 2181 from
1115 2156 1184 2194 my
1206 2141 1312 2190 ἰιὶΠε,
1344 2140 1425 2180 inm

114 2220 186 2271 thy
207 2221 388 2270 peaceful
408 2221 562 2273 plains?
596 2223 663 2261 Do
684 2222 702 2260 I
724 2231 826 2261 meet
846 2223 950 2268 thee,
969 2221 1066 2259 with
1089 2236 1110 2259 a
1128 2236 1254 2272 spem,
1284 2237 1335 2261 on
1355 2225 1426 2275 thy

115 2299 246 2346 cloud,
274 2300 387 2351 spirit
415 2301 463 2340 of
487 2301 628 2341 dismal
659 2302 795 2342 Loda?
829 2301 882 2340 W
886 2303 941 2355 hy
960 2303 1052 2340 then
1079 2303 1166 2340 dost
1183 2303 1279 2340 thou
1300 2303 1427 2340 srown

116 2393 166 2416 on
205 2380 295 2418 me?
346 2381 442 2433 why
479 2379 603 2418 shake
633 2379 742 2418 thine
768 2379 854 2433 airy
892 2379 1032 2430 spear?
1094 2379 1212 2419 Thou
1244 2381 1429 2418 fJ-ownm

117 2458 159 2499 iu
191 2459 306 2498 vain:
356 2460 376 2499 I
415 2474 534 2498 never
569 2459 643 2499 fied
680 2459 784 2497 from
823 2461 888 2498 the
909 2458 1065 2513 mighty
1099 2460 1142 2498 in
1180 2475 1274 2499 war.
1334 2463 1427 2500 Ami

121 2538 218 2577 qhall
272 2540 338 2580 the
399 2554 489 2592 soils
539 2540 585 2579 of
638 2541 702 2579 the
756 2539 864 2585 wind
911 2539 1084 2593 frighteu
1131 2542 1194 2581 the
1240 2539 1340 2595 king
1384 2540 1435 2580 of
